Automatically generated by Mendeley Desktop 1.19.1
Any changes to this file will be lost if it is regenerated by Mendeley.

BibTeX export options can be customized via Options -> BibTeX in Mendeley Desktop

@article{Simon1986,
author = {Simon, B. R. and Wu, J. S.-S. and Zienkiewicz, O. C. and Paul, D. K.},
doi = {10.1002/nag.1610100502},
file = {:home/hilde/heime/Litteratur/Artikler//Simon et al. - 1986 - Evaluation of {$u$}-{$w$} and {$u$} - {$\pi$} finite element methods for the dynamic response of saturated porous media usi.pdf:pdf},
journal = {International Journal for Numerical and Analytical Methods in Geomechanics},
month = {sep},
number = {5},
pages = {461--482},
publisher = {Wiley-Blackwell},
title = {{Evaluation of {$u$}-{$w$} and {$u$} - {$\pi$} finite element methods for the dynamic response of saturated porous media using one-dimensional models}},
url = {http://doi.wiley.com/10.1002/nag.1610100502},
volume = {10},
year = {1986}
}
